<?xml version="1.0" encoding="UTF-8"?><collection xmlns="http://www.loc.gov/MARC21/slim"><record><leader>00410nam--2200145-i-4500</leader><controlfield tag="001">000015809</controlfield><controlfield tag="002">20161230</controlfield><controlfield tag="005">20161230201031</controlfield><controlfield tag="008">060222s1000------------r-----000-0-eng-d</controlfield><datafield ind1=" " ind2=" " tag="080"><subfield code="a">530.12(061.3)</subfield></datafield><datafield ind1=" " ind2=" " tag="245"><subfield code="a">On reletivity theory</subfield></datafield><datafield ind1=" " ind2=" " tag="260"><subfield code="a">Singapore, World Scientific, 1985. Viii + 274 P</subfield></datafield><datafield ind1=" " ind2=" " tag="490"><subfield code="a">Proceedings Of The Sir Arthur Eddington Sympos Ium,</subfield></datafield><datafield ind1=" " ind2=" " tag="700"><subfield code="a">Choquet-bruhat, Y./S.A.</subfield></datafield><datafield ind1=" " ind2=" " tag="852"><subfield code="a">73889</subfield></datafield></record></collection>